<record><leader>00000cas a22000007a 4500</leader><controlfield tag="001">18374386</controlfield><controlfield tag="008">880819d18771879caucr ne      0    0eng d</controlfield><datafield ind1=" " ind2=" " tag="010"><subfield code="a">sn 92068862 </subfield></datafield><datafield ind1=" " ind2=" " tag="040"><subfield code="a">CUI</subfield><subfield code="b">eng</subfield><subfield code="c">CUI</subfield><subfield code="d">CNK</subfield><subfield code="d">OCLCQ</subfield></datafield><datafield ind1=" " ind2=" " tag="042"><subfield code="a">msc</subfield></datafield><datafield ind1=" " ind2=" " tag="043"><subfield code="a">n-us-ca</subfield></datafield><datafield ind1="0" ind2=" " tag="130"><subfield code="a">Anaheim gazette (Anaheim, Calif. : 1877 : Semiweekly)</subfield></datafield><datafield ind1="1" ind2="0" tag="245"><subfield code="a">Anaheim gazette.</subfield></datafield><datafield ind1="1" ind2="3" tag="246"><subfield code="a">Semiweekly gazette</subfield></datafield><datafield ind1=" " ind2=" " tag="260"><subfield code="a">Anaheim, Calif. :</subfield><subfield code="b">Melrose &amp; Athearn</subfield></datafield><datafield ind1=" " ind2=" " tag="300"><subfield code="a">v.</subfield></datafield><datafield ind1=" " ind2=" " tag="310"><subfield code="a">Semiweekly</subfield></datafield><datafield ind1="0" ind2=" " tag="362"><subfield code="a">[Vol. 1, no. 1] (Sept. 26, 1877)-v. 2, no. 97 (Aug. 30, 1879).</subfield></datafield><datafield ind1=" " ind2=" " tag="515"><subfield code="a">Vol. 1 no. 1-2 lack vol. and numbering designation.</subfield></datafield><datafield ind1=" " ind2="4" tag="651"><subfield code="a">Anaheim (Calif.)</subfield><subfield code="v">Newspapers.</subfield></datafield><datafield ind1=" " ind2="4" tag="651"><subfield code="a">Orange County (Calif.)</subfield><subfield code="v">Newspapers.</subfield></datafield><datafield ind1=" " ind2=" " tag="752"><subfield code="a">United States</subfield><subfield code="b">California</subfield><subfield code="c">Orange</subfield><subfield code="d">Anaheim.</subfield></datafield><datafield ind1="0" ind2=" " tag="775"><subfield code="t">Anaheim gazette (Anaheim, Calif. : 1874)</subfield><subfield code="w">(DLC)sn 84038757</subfield><subfield code="w">(OCoLC)11487888</subfield></datafield><datafield ind1="1" ind2=" " tag="029"><subfield code="a">AU@</subfield><subfield code="b">000020707325</subfield></datafield></record>